@book{long2022ai,
  title={AI 2021: Advances in Artificial Intelligence},
  author={Long, Guodong},
  volume={13151},
  year={2022},
  publisher={Springer Nature},
  note={Placeholder for AJCAI 2022}
}

@article{smart2005genetic,
  title={Genetic programming for multiclass object classification},
  author={Smart, William Richmond},
  journal={BSc (Honours) Research Project},
  year={2005}
}

@article{tran2019genetic,
  title={Genetic programming for multiple-feature construction on high-dimensional classification},
  author={Tran, Binh and Xue, Bing and Zhang, Mengjie},
  journal={Pattern Recognition},
  volume={93},
  pages={404--417},
  year={2019},
  publisher={Elsevier}
}