@article{bi2020gc,
  title     = {GC-MS Fingerprints Profiling Using Machine Learning Models for Food Flavor Prediction},
  author    = {Bi, Kexin and Zhang, Dong and Qiu, Tong and Huang, Yizhen},
  journal   = {Processes},
  volume    = {8},
  number    = {1},
  pages     = {23},
  year      = {2020},
  publisher = {Multidisciplinary Digital Publishing Institute}
}

@article{chang2011libsvm,
  title={LIBSVM: a library for support vector machines},
  author={Chang, Chih-Chung and Lin, Chih-Jen},
  journal={ACM transactions on intelligent systems and technology (TIST)},
  volume={2},
  number={3},
  pages={1--27},
  year={2011},
  publisher={Acm New York, NY, USA}
}

@article{matyushin2020gas,
  title     = {Gas Chromatographic Retention Index Prediction Using Multimodal Machine Learning},
  author    = {Matyushin, Dmitriy D and Buryak, Aleksey K},
  journal   = {Ieee Access},
  volume    = {8},
  pages     = {223140--223155},
  year      = {2020},
  publisher = {IEEE},
}


@article{sklearn2021feature,
 title={Scikit-learn: Machine Learning in {P}ython},
 author={Pedregosa, F. and Varoquaux, G. and Gramfort, A. and Michel, V.
         and Thirion, B. and Grisel, O. and Blondel, M. and Prettenhofer, P.
         and Weiss, R. and Dubourg, V. and Vanderplas, J. and Passos, A. and
         Cournapeau, D. and Brucher, M. and Perrot, M. and Duchesnay, E.},
 journal={Journal of Machine Learning Research},
 volume={12},
 pages={2825--2830},
 year={2011}
}

@article{tomasi2004correlation,
  title     = {Correlation optimized warping and dynamic time warping as preprocessing methods for chromatographic data},
  author    = {Tomasi, Giorgio and Van Den Berg, Frans and Andersson, Claus},
  journal   = {Journal of Chemometrics: A Journal of the Chemometrics Society},
  volume    = {18},
  number    = {5},
  pages     = {231--241},
  year      = {2004},
  publisher = {Wiley Online Library},
}

@article{zhang2008two,
  title     = {Two-dimensional correlation optimized warping algorithm for aligning GC$\times$ GC- MS data},
  author    = {Zhang, Dabao and Huang, Xiaodong and Regnier, Fred E and Zhang, Min},
  journal   = {Analytical Chemistry},
  volume    = {80},
  number    = {8},
  pages     = {2664--2671},
  year      = {2008},
  publisher = {ACS Publications},
}